@article{paper_dna_compression,
  author = {Mehta, Ateet and Patel, Bankim},
  year = {2010},
  pages = {383-386},
  volume = {2},
  title = {{DNA} COMPRESSION USING HASH BASED DATA STRUCTURE}
}

@misc{code,
  author = {Pujol, Roger},
  title = {{DNA} Compression},
  year = {2019},
  publisher = {GitHub},
  journal = {GitHub repository},
  howpublished = {\url{https://github.com/rogerpt32/dna_compression}}
}